<?xml version="1.0" encoding="UTF-8"?><record xmlns="http://www.loc.gov/MARC21/slim" xmlns:cinclude="http://apache.org/cocoon/include/1.0" xmlns:zs="http://www.loc.gov/zing/srw/">
  <leader>00388cz  a2200133n  4500</leader>
  <controlfield tag="001">n  81011495 </controlfield>
  <controlfield tag="003">DLC</controlfield>
  <controlfield tag="005">20120702104557.0</controlfield>
  <controlfield tag="008">810211n| acannaab           |n aaa      </controlfield>
  <datafield tag="010" ind1=" " ind2=" ">
    <subfield code="a">n  81011495 </subfield>
  </datafield>
  <datafield tag="040" ind1=" " ind2=" ">
    <subfield code="a">DLC</subfield>
    <subfield code="c">DLC</subfield>
    <subfield code="d">DLC</subfield>
  </datafield>
  <datafield tag="053" ind1=" " ind2="0">
    <subfield code="a">PS3618.O35756</subfield>
  </datafield>
  <datafield tag="100" ind1="1" ind2=" ">
    <subfield code="a">Rodrigues, Eusebio L.,</subfield>
    <subfield code="d">1927-</subfield>
  </datafield>
  <datafield tag="670" ind1=" " ind2=" ">
    <subfield code="a">His Quest for the human, c1981:</subfield>
    <subfield code="b">t.p. (Eusebio L. Rodrigues) CIP data sheet (b. 3/1/27)</subfield>
  </datafield>
</record>